% This file was created with JabRef 2.4.2.
% Encoding: Cp1252

@ARTICLE{georglm,
  author = {O.F. Christensen and P.J. Ribeiro},
  title = {{geoRglm} - a package for generalised linear spatial models},
  journal = {R-NEWS},
  year = {2002},
  volume = {2},
  pages = {26-28},
  number = {2},
  url = {http://cran.R-project.org/doc/Rnews}
}

@BOOK{gelman,
  title = {Bayesian data analysis},
  publisher = {CRC press},
  year = {2004},
  author = {Gelman, A.}
}

@ARTICLE{winbugs,
  author = {Lunn, D.J. and Thomas, A. and Best, N. and Spiegelhalter, D.},
  title = {{WinBUGS}-A {B}ayesian modelling framework: Concepts, structure,
	and extensibility},
  journal = {Statistics and Computing},
  year = {2000},
  volume = {10},
  pages = {325--337},
  number = {4},
  publisher = {Springer}
}

@BOOK{GMRFbook,
  title = {Gaussian {M}arkov Random Fields: {T}heory and Applications},
  publisher = {Chapman \& Hall},
  year = {2005},
  author = {H. Rue and L. Held},
  volume = {104},
  series = {Monographs on Statistics and Applied Probability},
  address = {London}
}

@ARTICLE{ruelaplace,
  author = {Havard Rue and Sara Martino and Nicolas Chopin},
  title = {Approximate {B}ayesian inference for latent {G}aussian models by
	using integrated nested {L}aplace approximations},
  journal = {Journal of the Royal Statistcal Society --- Series B},
  year = {2009},
  volume = {71},
  pages = {319 - 392},
  number = {2},
  owner = {PBrown},
  timestamp = {2008.08.16}
}


@ARTICLE{r2winbugs,
  author = {Sibylle Sturtz and Uwe Ligges and Andrew Gelman},
  title = {{R2WinBUGS}: A Package for Running {WinBUGS} from {R}},
  journal = {Journal of Statistical Software},
  year = {2005},
  volume = {12},
  pages = {1--16},
  number = {3},
  url = {http://www.jstatsoft.org}
}

@ELECTRONIC{winbugsmanual,
  author = {David Spiegelhalter and    Andrew Thomas and    Nicky Best and  
	 Dave Lunn},
  year = {2004},
  title = {{WinBUGS} User Manual},
  url = {http://mathstat.helsinki.fi/openbugs/data/Docu/WinBugs\%20Manual.html},
  owner = {Patrick Brown},
  timestamp = {2009.06.30}
}


@comment{jabref-meta: selector_publisher:}

@comment{jabref-meta: selector_author:}

@comment{jabref-meta: selector_journal:}

@comment{jabref-meta: selector_keywords:}

